<?xml version="1.0" encoding="UTF-8"?><collection xmlns="http://www.loc.gov/MARC21/slim"><record><leader>00360nam--2200133-i-4500</leader><controlfield tag="001">000010307</controlfield><controlfield tag="002">20161230</controlfield><controlfield tag="005">20161230201028</controlfield><controlfield tag="008">060222s1000------------r-----000-0-eng-d</controlfield><datafield ind1=" " ind2=" " tag="080"><subfield code="a">541.13</subfield></datafield><datafield ind1=" " ind2=" " tag="100"><subfield code="a">Brenet, J.P. And Traore, K</subfield></datafield><datafield ind1=" " ind2=" " tag="245"><subfield code="a">Transfer coefficients in electrochemical kinetics</subfield></datafield><datafield ind1=" " ind2=" " tag="260"><subfield code="a">London, Academic Press, 1971 Xiv + 158 P</subfield></datafield><datafield ind1=" " ind2=" " tag="852"><subfield code="a">37570</subfield></datafield></record></collection>